@article{25580234,
  title = {{F1000Research: Tics welcomes you to 21st century biomedical publishing.}},
  date = {2014},
  source = {F1000Res},
  authors = {Black, KJ},
  author = {Black, KJ},
  year = {},
  month = {},
  journal = {F1000Res},
  volume = {3},
  number = {},
  pages = {272},
  pubmed_id = {25580234},
}


@article{11763859,
  title = {{The effect of l-3,4-dihydroxyphenylalanine (= DOPA) on akinesia in parkinsonism. 1961.}},
  date = {2001 Nov 15},
  source = {Wien Klin Wochenschr},
  authors = {Birkmayer, W and Hornykiewicz, O},
  author = {Birkmayer, W and Hornykiewicz, O},
  year = {2001},
  month = {Nov},
  journal = {Wien Klin Wochenschr},
  volume = {113},
  number = {},
  pages = {851-4},
  pubmed_id = {11763859},
}


@article{13954967,
  title = {{[The tropical localization and content of noradrenalin and dopamine (3-hydroxytyramine) in the substantia nigra of normal persons and patients with Parkinson's disease].}},
  date = {1963 May 3},
  source = {Wien Klin Wochenschr},
  authors = {HORNYKIEWICZ, O},
  author = {HORNYKIEWICZ, O},
  year = {},
  month = {},
  journal = {Wien Klin Wochenschr},
  volume = {75},
  number = {},
  pages = {309-12},
  pubmed_id = {13954967},
}
